<record><leader>00000cas a2200000 a 4500</leader><controlfield tag="001">13854565</controlfield><controlfield tag="008">860711d1899190ukyucr ne      0    0eng d</controlfield><datafield ind1=" " ind2=" " tag="010"><subfield code="a">sn 86069265 </subfield></datafield><datafield ind1=" " ind2=" " tag="040"><subfield code="a">KNP</subfield><subfield code="b">eng</subfield><subfield code="c">KNP</subfield><subfield code="d">OCL</subfield><subfield code="d">OCLCQ</subfield><subfield code="d">KYUBL</subfield><subfield code="d">OCLCQ</subfield><subfield code="d">OCLCF</subfield><subfield code="d">OCLCO</subfield></datafield><datafield ind1="1" ind2=" " tag="029"><subfield code="a">AU@</subfield><subfield code="b">000022171610</subfield></datafield><datafield ind1=" " ind2=" " tag="042"><subfield code="a">msc</subfield></datafield><datafield ind1=" " ind2=" " tag="043"><subfield code="a">n-us-ky</subfield></datafield><datafield ind1="0" ind2=" " tag="130"><subfield code="a">Nelson County record (Bardstown, Ky. : 1899)</subfield></datafield><datafield ind1="1" ind2="4" tag="245"><subfield code="a">The Nelson County record.</subfield></datafield><datafield ind1=" " ind2=" " tag="260"><subfield code="a">Bardstown, Ky. :</subfield><subfield code="b">Henry Bacon</subfield></datafield><datafield ind1=" " ind2=" " tag="300"><subfield code="a">v. :</subfield><subfield code="b">ill.</subfield></datafield><datafield ind1=" " ind2=" " tag="310"><subfield code="a">Semiweekly</subfield></datafield><datafield ind1="1" ind2=" " tag="362"><subfield code="a">Began in 1899?</subfield></datafield><datafield ind1=" " ind2=" " tag="588"><subfield code="a">Description based on: Vol. 25, no. 1 (Jan. 3, 1899).</subfield></datafield><datafield ind1=" " ind2="0" tag="651"><subfield code="a">Bardstown (Ky.)</subfield><subfield code="v">Newspapers.</subfield></datafield><datafield ind1=" " ind2="0" tag="651"><subfield code="a">Nelson County (Ky.)</subfield><subfield code="v">Newspapers.</subfield></datafield><datafield ind1=" " ind2="7" tag="655"><subfield code="a">Newspapers.</subfield><subfield code="2">fast</subfield><subfield code="0">(OCoLC)fst01423814</subfield></datafield><datafield ind1=" " ind2="7" tag="651"><subfield code="a">Kentucky</subfield><subfield code="z">Bardstown.</subfield><subfield code="2">fast</subfield><subfield code="0">(OCoLC)fst01214661</subfield></datafield><datafield ind1=" " ind2="7" tag="651"><subfield code="a">Kentucky</subfield><subfield code="z">Nelson County.</subfield><subfield code="2">fast</subfield><subfield code="0">(OCoLC)fst01203044</subfield></datafield><datafield ind1=" " ind2=" " tag="752"><subfield code="a">United States</subfield><subfield code="b">Kentucky</subfield><subfield code="c">Nelson</subfield><subfield code="d">Bardstown.</subfield></datafield><datafield ind1="0" ind2="0" tag="780"><subfield code="t">Nelson record</subfield><subfield code="w">(DLC)sn 86069264</subfield></datafield><datafield ind1="0" ind2="0" tag="785"><subfield code="t">Twice-a-week Nelson County record</subfield><subfield code="w">(DLC)sn 86069266</subfield></datafield></record>